@inproceedings{panchenko,
    author = {Panchenko, Andriy and Niessen, Lukas and Zinnen, Andreas and Engel, Thomas},
    title = {Website Fingerprinting in Onion Routing Based Anonymization Networks},
    year = {2011},
    isbn = {9781450310024},
    publisher = {Association for Computing Machinery},
    address = {New York, NY, USA},
    url = {https://doi.org/10.1145/2046556.2046570},
    doi = {10.1145/2046556.2046570},
    booktitle = {Proceedings of the 10th Annual ACM Workshop on Privacy in the Electronic Society},
    pages = {103–114},
    numpages = {12},
    keywords = {privacy, website fingerprinting, anonymous communication, pattern recognition, traffic analysis},
    location = {Chicago, Illinois, USA},
    series = {WPES ’11}
}

@inproceedings{wang,
    author = {Wang, Tao and Cai, Xiang and Nithyanand, Rishab and Johnson, Rob and Goldberg, Ian},
    title = {Effective Attacks and Provable Defenses for Website Fingerprinting},
    year = {2014},
    isbn = {9781931971157},
    publisher = {USENIX Association},
    address = {USA},
    booktitle = {Proceedings of the 23rd USENIX Conference on Security Symposium},
    pages = {143–157},
    numpages = {15},
    location = {San Diego, CA},
    series = {SEC’14}
}

@inproceedings{troncoso,
    author = {Matic, Srdjan and Troncoso, Carmela and Caballero, Juan},
    year = {2017},
    month = {01},
    pages = {},
    title = {Dissecting Tor Bridges: a Security Evaluation of Their Private and Public Infrastructures},
    doi = {10.14722/ndss.2017.23345}
}

@inproceedings{skypemorph,
    author = {Mohajeri Moghaddam, Hooman and Li, Baiyu and Derakhshani, Mohammad and Goldberg, Ian},
    title = {SkypeMorph: Protocol Obfuscation for Tor Bridges},
    year = {2012},
    isbn = {9781450316514},
    publisher = {Association for Computing Machinery},
    address = {New York, NY, USA},
    url = {https://doi.org/10.1145/2382196.2382210},
    doi = {10.1145/2382196.2382210},
    booktitle = {Proceedings of the 2012 ACM Conference on Computer and Communications Security},
    pages = {97–108},
    numpages = {12},
    keywords = {bridges, censorship circumvention, pluggable transports, protocol obfuscation, tor, skype, steganography},
    location = {Raleigh, North Carolina, USA},
    series = {CCS ’12}
}

@article{howunique,
   title={How Unique is Your .onion?},
   ISBN={9781450349468},
   url={http://dx.doi.org/10.1145/3133956.3134005},
   DOI={10.1145/3133956.3134005},
   journal={Proceedings of the 2017 ACM SIGSAC Conference on Computer and Communications Security - CCS  ’17},
   publisher={ACM Press},
   author={Overdorf, Rebekah and Juarez, Mark and Acar, Gunes and Greenstadt, Rachel and Diaz, Claudia},
   year={2017}
}

@inproceedings{walkietalkie,
    author = {Wang, Tao and Goldberg, Ian},
    title = {Walkie-Talkie: An Efficient Defense against Passive Website Fingerprinting Attacks},
    year = {2017},
    isbn = {9781931971409},
    publisher = {USENIX Association},
    address = {USA},
    booktitle = {Proceedings of the 26th USENIX Conference on Security Symposium},
    pages = {1375–1390},
    numpages = {16},
    location = {Vancouver, BC, Canada},
    series = {SEC’17}
}

@inproceedings{buflo,
    author = {Cai, Xiang and Nithyanand, Rishab and Johnson, Rob},
    title = {CS-BuFLO: A Congestion Sensitive Website Fingerprinting Defense},
    year = {2014},
    isbn = {9781450331487},
    publisher = {Association for Computing Machinery},
    address = {New York, NY, USA},
    url = {https://doi.org/10.1145/2665943.2665949},
    doi = {10.1145/2665943.2665949},
    booktitle = {Proceedings of the 13th Workshop on Privacy in the Electronic Society},
    pages = {121–130},
    numpages = {10},
    keywords = {website fingerprinting attacks and defenses, anonymity},
    location = {Scottsdale, Arizona, USA},
    series = {WPES ’14}
}

@inproceedings {hayes,
    author = {Jamie Hayes and George Danezis},
    title = {k-fingerprinting: A Robust Scalable Website Fingerprinting Technique},
    booktitle = {25th {USENIX} Security Symposium ({USENIX} Security 16)},
    year = {2016},
    isbn = {978-1-931971-32-4},
    address = {Austin, TX},
    pages = {1187--1203},
    url = {https://www.usenix.org/conference/usenixsecurity16/technical-sessions/presentation/hayes},
    publisher = {{USENIX} Association},
    month = aug,
}


@website{pts,
    url = {https://bridges.torproject.org/}
}
